% When compiling with bibtex, make sure that all umlauts in this file are in the following LaTeX style: for ä {\"a}, for ü {\"u} etc.
% Separate multiple authors with "and"

@InProceedings{Bloggs2015,
	author    = {Bloggs, Joe},
	title     = {Title of Paper C},
	booktitle = {IEEE International Conference},
	year      = {2015},
	pages     = {1--4},
	month     = {April},
	doi       = {10.1509},
}

@InProceedings{Bloggs2016,
    author    = {Bloggs, Joe},
	title     = {Title of Paper D},
	booktitle = {IEEE International Conference},
	year      = {2016},
	pages     = {6--45},
	month     = {April},
	doi       = {10.1509},
}

@Comment{jabref-meta: databaseType:bibtex;}
