% When compiling with bibtex, make sure that all umlauts in this file are in the following LaTeX style: for ä {\"a}, for ü {\"u} etc.
% Separate multiple authors with "and"

@Article{Bloggs1998,
	author    = {Bloggs, Joe},
	title     = {Title of Paper A},
	journal   = {International Journal},
	year      = {1998},
	volume    = {6},
	number    = {3--4},
	pages     = {371--378},
	doi       = {10.1017/S1754078714006221},
	publisher = {IEEE},
}

@Article{Bloggs1999,
	author    = {Bloggs, Joe},
	title     = {Title of Paper B},
	journal   = {International Journal},
	year      = {1999},
	volume    = {8},
	number    = {9--27},
	pages     = {371--378},
	doi       = {10.1017/S1754078714006221},
	publisher = {IEEE},
}

@Comment{jabref-meta: databaseType:bibtex;}
